@misc{bcst,
  author = {Microsoft Engineer: yangminz},
  title  = {CSAPP by hand},
  year   = {2021},
  url    = {https://github.com/yangminz/bcst_csapp}
}

@misc{pumpinglemma,
  author = {Foo Song},
  title  = {Pumping Lema},
  year   = {2021},
  url    = {http://nas.victoryang00.cn:8002/1RL_FA.pdf}
}

@misc{byvoidlambda,
  author = {Byvoid},
  title  = {Functional Programming},
  year   = {2016},
  url    = {https://byvoid.github.io/slides/apio-fp/index.html}
}

@misc{lambdacpptest,
  author = {victoryang00},
  title  = {Functional Programming in c++},
  year   = {2021},
  url    = {http://s3l.shanghaitech.edu.cn:8081/compiler/discussion3-lambda_test}
}

