@article{barendregt1992lambda,
  title     = {Lambda calculi with types},
  author    = {Barendregt, Henk P},
  year      = {1992},
  publisher = {Oxford: Clarendon Press}
}

@misc{softwarefoundation,
  author = {Upenn University},
  title  = {Software Foundation},
  year   = {2021},
  url    = {https://softwarefoundations.cis.upenn.edu/}
}

@misc{janestreetcode,
  author = {Jane Street},
  title  = {Why Ocaml},
  year   = {2017},
  url    = {https://www.youtube.com/watch?v=v1CmGbOGb2I&t=665s}
}

@misc{cs164lec12,
  author = {Rohan Padhye},
  title  = {CS164 Lec12: Type System},
  year   = {2019},
  url    = {https://inst.eecs.berkeley.edu/~cs164/fa20/lectures/lecture12.pdf}
}
@misc{cs164chocopy,
  author = {Rohan Padhye},
  title  = {CS164 Lec11: ChocoPy Type System},
  year   = {2019},
  url    = {https://inst.eecs.berkeley.edu/~cs164/fa20/lectures/lecture11.pdf}
}
@misc{identifier,
  author = {Python Author},
  title  = {Python identifier declarations},
  year   = {2021},
  url    = {https://docs.python.org/zh-cn/3.9/reference/compound_stmts.html#class-definitions}
}
@misc{CPython,
  author = {CPython Author},
  title  = {CPython Code},
  year   = {2021},
  url    = {https://github.com/python/cpython/blob/3191391515824fa7f3c573d807f1034c6a28fab3/Python/clinic/bltinmodule.c.h#L326}
}
@misc{pep8,
  author = {PEP8 Author},
  title  = {PEP8},
  year   = {2021},
  url    = {https://www.python.org/dev/peps/pep-0008/}
}
