@misc{llvmintro,
  title     = {Modern Intermediate Representations (IR)},
  author    = {David Chisnall},
  year      = {2017},
  publisher = {Cambridge University}
  url    = {https://llvm.org/devmtg/2017-06/1-Davis-Chisnall-LLVM-2017.pdf}
}

@misc{njuswanalysis,
  author = {Nan Jing University},
  title  = {Software Analysis SPA 2020},
  year   = {2020},
  url    = {https://chhzh123.github.io/blogs/2020-03-24-spa-nju/}
}

