@misc{ljsj,
  title     = {Long Jump & Set Jump show case},
  author    = {GeeksforGeeks},
  year      = {2022},
  publisher = {Cambridge University},
  url    = {https://www.geeksforgeeks.org/g-fact22-concept-of-setjump-and-longjump/}
}
@misc{llvmcpp,
  title     = {OOP in LLVM},
  author    = {LLVM author},
  year      = {2022},
  publisher = {githubio},
  url    = {https://mapping-high-level-constructs-to-llvm-ir.readthedocs.io/en/latest/object-oriented-constructs/virtual-methods.html}
}