
@misc{cs230lec06,
title     = {CS230: Compilers Lecture 06: C++ Semantics},
author    = {Jesse},
year      = {2018},
publisher = {Northwestern University},
url    = {https://users.cs.northwestern.edu/~jesse/course/eecs230-wi18/lec/06semantics.pdf}
}
@misc{openstd,
title     = {c++ Semantics},
author    = {open-std},
year      = {2015},
publisher = {committee draft},
url    = {http://www.open-std.org/jtc1/sc22/wg14/www/docs/n1124.pdf}
}
@misc{makinglessdangerous,
title     = {Making C Less Dangerous},
author    = {Kees Cook},
year      = {2018},
publisher = {outflux},
url    = {https://outflux.net/slides/2018/lss/danger.pdf}
}
@misc{makinglessdangerous,
title     = {VLA Semantics},
author    = {Linux Security Summit},
year      = {2018},
publisher = {plumer},
url    = {https://outflux.net/slides/2018/lss/danger.pdf}
}

@misc{cfuncall,
title     = {A Formal Semantics for the C Programming Language},
author    = {NikolaosS.Papaspyrou},
year      = {1998},
publisher = {softlab},
url    = {http://www.softlab.ntua.gr/~nickie/Papers/papaspyrou-1998-fscpl.pdf}
}

@misc{llvmautovec,
title     = {LLVM auto vectorization},
author    = {Renato Golin},
year      = {2014},
publisher = {linaro conference},
url    = {https://llvm.org/devmtg/2014-02/slides/golin-AutoVectorizationLLVM.pdf}
}
@misc{cornellllvmautovec,
title     = {Cornell CS6120 Loop Auto Vectorization},
author    = {sampsyo},
year      = {2020},
publisher = {cornell},
url    = {https://www.cs.cornell.edu/courses/cs6120/2019fa/blog/llvm-autovec/}
}