@misc{cs153lec18,
title     = {CS153: Compilers Lecture 18: Loop Optimizations},
author    = {Jesse},
year      = {2018},
publisher = {Harvard University},
url    = {https://groups.seas.harvard.edu/courses/cs153/2018fa/lectures/Lec18-Loop-Optimization-I.pdf}
}
@misc{cs211lec11,
title     = {CS211: Advanced Computer Arch 11: VLIW},
author    = {Chundong Wang},
year      = {2022},
publisher = {ShanghaiTech University},
url    = {https://toast-lab.sist.shanghaitech.edu.cn/courses/CS211@ShanghaiTech/Fall-2021/lecture_notes/L11-VLIW.pdf}
}

@misc{15411lec17,
title     = {15-411: Compiler 17: Loop Invariant},
author    = {Andre Platzer},
year      = {2011},
publisher = {Carnegie Mellon University},
url    = {https://www.cs.cmu.edu/~aplatzer/course/Compilers11/17-loopinv.pdf}
}