@misc{josehu,
title     = {Josehu Compiler},
author    = {Guanzhou Hu},
year      = {2018},
publisher = {ShanghaiTech University},
url    = {https://www.josehu.com/assets/file/compilers.pdf}
}

@misc{cs153lec21,
title     = {CS153: Compilers Lecture 21: Register alloc II},
author    = {Jesse},
year      = {2018},
publisher = {Harvard University},
url    = {https://groups.seas.harvard.edu/courses/cs153/2018fa/lectures/Lec21-Register-alloc-II.pdf}
}