
@misc{stringview,
title     = {When to Use C++17 std::string_view?},
author    = {Bastiâ€™s Buggy Blog},
year      = {2018},
publisher = {hugo},
url    = {https://blog.hiebl.cc/posts/how-to-use-std-string-view/#string_view-as-function-parameter}
}
@misc{cppref,
title     = {Concepts CPP reference},
author    = {C++ community},
year      = {2022},
publisher = {cppreference},
url    = {https://en.cppreference.com/w/cpp/concepts}
}
