@misc{pwnutil,
title     = {七日打卡Pwn之栈溢出利用详解},
author    = {Simplicitylv},
year      = {2021},
publisher = {juejin},
url    = {https://juejin.cn/post/6916757651653132301}
}
@misc{cs161lec12,
title     = {CS161: Computer Security 12: Memory Security},
author    = {Berkeley CS161 staff},
year      = {2021},
publisher = {Berkeley},
url    = {https://textbook.cs161.org/memory-safety/x86.html}
}

@misc{introfuzzing,
title     = {Fuzzing intro},
author    = {Google},
year      = {2020},
publisher = {github},
url    = {https://github.com/google/fuzzing/blob/master/docs/intro-to-fuzzing.md}
}
@inproceedings{puasuareanu2011symbolic,
  title={Symbolic execution with mixed concrete-symbolic solving},
  author={P{\u{a}}s{\u{a}}reanu, Corina S and Rungta, Neha and Visser, Willem},
  booktitle={Proceedings of the 2011 International Symposium on Software Testing and Analysis},
  pages={34--44},
  year={2011}
}
@misc{modelchecking,
  author = {Foo Song},
  title  = {Pumping Lema},
  year   = {2021},
  url    = {http://nas.victoryang00.cn:8002/13Automata-theoretical_approach_to_model_checking_.pdf}
}

